% This file was created with JabRef 2.10.
% Encoding: UTF-8


@Book{dudaPattern,
  Title                    = {Pattern classification},
  Author                   = {Duda, Richard O and Hart, Peter E and Stork, David G},
  Publisher                = {John Wiley \& Sons},
  Year                     = {2012},

  Owner                    = {andreas},
  Timestamp                = {2015.10.20}
}

